<record><leader>00000nas a2200000 i 4500</leader><controlfield tag="001">908447266</controlfield><controlfield tag="006">m     o  d        </controlfield><controlfield tag="007">cr |||||||||||</controlfield><controlfield tag="008">150506d18731915mtuwr neo     0   a0eng  </controlfield><datafield ind1=" " ind2=" " tag="010"><subfield code="a">  2015218695</subfield></datafield><datafield ind1=" " ind2=" " tag="040"><subfield code="a">DLC</subfield><subfield code="b">eng</subfield><subfield code="e">rda</subfield><subfield code="c">DLC</subfield></datafield><datafield ind1="0" ind2=" " tag="022"><subfield code="a">2378-9913</subfield><subfield code="2">1</subfield></datafield><datafield ind1=" " ind2=" " tag="042"><subfield code="a">pcc</subfield><subfield code="a">nsdp</subfield></datafield><datafield ind1=" " ind2=" " tag="043"><subfield code="a">n-us-mt</subfield></datafield><datafield ind1="1" ind2="0" tag="050"><subfield code="a">ISSN RECORD</subfield></datafield><datafield ind1="0" ind2="0" tag="082"><subfield code="a">071</subfield><subfield code="2">23</subfield></datafield><datafield ind1="0" ind2=" " tag="130"><subfield code="a">Madisonian (Virginia City, Mont.)</subfield></datafield><datafield ind1=" " ind2="4" tag="222"><subfield code="a">The Madisonian</subfield><subfield code="b">(Virginia City, Mont. Online)</subfield></datafield><datafield ind1="1" ind2="4" tag="245"><subfield code="a">The Madisonian.</subfield></datafield><datafield ind1=" " ind2="1" tag="264"><subfield code="a">Virginia City, Montana:</subfield><subfield code="b">[publisher not identfied]</subfield></datafield><datafield ind1=" " ind2=" " tag="300"><subfield code="a">1 online resource</subfield></datafield><datafield ind1=" " ind2=" " tag="310"><subfield code="a">Weekly</subfield></datafield><datafield ind1=" " ind2=" " tag="336"><subfield code="a">text</subfield><subfield code="b">txt</subfield><subfield code="2">rdacontent</subfield></datafield><datafield ind1=" " ind2=" " tag="337"><subfield code="a">computer</subfield><subfield code="b">c</subfield><subfield code="2">rdamedia</subfield></datafield><datafield ind1=" " ind2=" " tag="338"><subfield code="a">online resource</subfield><subfield code="b">cr</subfield><subfield code="2">rdacarrier</subfield></datafield><datafield ind1="1" ind2=" " tag="362"><subfield code="a">Began November 16, 1873; ceased February 19, 1915.</subfield></datafield><datafield ind1=" " ind2=" " tag="500"><subfield code="a">"Democratic," 1873-1884; "Independent, " 1884-1915.</subfield></datafield><datafield ind1=" " ind2=" " tag="580"><subfield code="a">Merged with: Times (Virginia City, Mont.), to form: Madisonian times.</subfield></datafield><datafield ind1=" " ind2=" " tag="588"><subfield code="a">Description based on: Vol. 22, no. 11 (Jan. 5, 1895); title from masthead (Chroniclingamerica.loc.gov, viewed May 6, 2015).</subfield></datafield><datafield ind1=" " ind2=" " tag="588"><subfield code="a">Latest issue consulted: Vol. 24, no. 11 (December 26, 1896) (Chroniclingamerica.loc.gov, viewed May 6, 2015).</subfield></datafield><datafield ind1=" " ind2="0" tag="651"><subfield code="a">Virginia City (Mont.)</subfield><subfield code="v">Newspapers.</subfield></datafield><datafield ind1=" " ind2="7" tag="651"><subfield code="a">Montana</subfield><subfield code="z">Virginia City.</subfield><subfield code="2">fast</subfield><subfield code="0">(OCoLC)fst01251119</subfield></datafield><datafield ind1=" " ind2="7" tag="655"><subfield code="a">Newspapers.</subfield><subfield code="2">fast</subfield><subfield code="0">(OCoLC)fst01423814</subfield></datafield><datafield ind1=" " ind2=" " tag="752"><subfield code="a">United States</subfield><subfield code="b">Montana</subfield><subfield code="c">Madison</subfield><subfield code="d">Virginia City.</subfield></datafield><datafield ind1="0" ind2="8" tag="776"><subfield code="i">Originally issued in print:</subfield><subfield code="t">Madisonian (Virginia City, Mont.)</subfield><subfield code="x">2378-9905</subfield><subfield code="w">(DLC)sn 86091484</subfield><subfield code="w">(OCoLC)13663493</subfield></datafield><datafield ind1="0" ind2="5" tag="780"><subfield code="t">Montanian</subfield><subfield code="g">1876</subfield></datafield><datafield ind1="1" ind2="7" tag="785"><subfield code="t">Times (Virginia City, Mont.)</subfield></datafield><datafield ind1="1" ind2="7" tag="785"><subfield code="t">Madisonian times</subfield></datafield><datafield ind1="4" ind2="0" tag="856"><subfield code="u">http://www.loc.gov/chroniclingamerica/lccn/sn86091484/issues</subfield></datafield></record>